@misc{example,
	title = {{Beispielhafte Quelle}},
	year = 2020,
	author = {Mustermann, Max},
	url = {http://www.example.com/}
}